@article{LU2022107904,
title = {The JNU-IFM dataset for segmenting pubic symphysis-fetal head},
journal = {Data in Brief},
volume = {41},
pages = {107904},
year = {2022},
issn = {2352-3409},
doi = {https://doi.org/10.1016/j.dib.2022.107904},
url = {https://www.sciencedirect.com/science/article/pii/S2352340922001160},
author = {Yaosheng Lu and Mengqiang Zhou and Dengjiang Zhi and Minghong Zhou and Xiaosong Jiang and Ruiyu Qiu and Zhanhong Ou and Huijin Wang and Di Qiu and Mei Zhong and Xiaoxing Lu and Gaowen Chen and Jieyun Bai},
keywords = {Pubic symphysis, Fetal head, Angle of progression, Intrapartum transperineal ultrasound}
}


@article{cai2023pubic,
      title={Pubic Symphysis-Fetal Head Segmentation Using Pure Transformer with Bi-level Routing Attention}, 
      author={Pengzhou Cai and Jiang Lu and  Yanxin Li and Libin Lan},
      year={2023},
      eprint={2310.00289},
      archivePrefix={arXiv},
      primaryClass={eess.IV}
}

@misc{hongkunsun,
  author = {Hongkun Sun},
  title = {MICCAI 2023 FH-PS-AOP Challenge},
  year = {2023},
  publisher = {GitHub},
  journal = {GitHub repository},
  howpublished = {https://github.com/HongkunSun/PS-FH-MICCAI-2023/tree/master}
}


@misc{MarawanElbatel,
  author = {Marawan Elbatel},
  title = {MICCAI 2023 FH-PS-AOP Challenge},
  year = {2023},
  publisher = {GitHub},
  journal = {GitHub repository},
  howpublished = {https://github.com/marwankefah/PS-FH-MICCAI-23}
}

@misc{FangyijieWang,
  author = {Fangyijie Wang},
  title = {MICCAI 2023 FH-PS-AOP Challenge},
  year = {2023},
  publisher = {GitHub},
  journal = {GitHub repository},
  howpublished = {https://github.com/13204942/FetalAopMICCAI}
}


@article{organizers,
author = {Chen, Zhensen and Ou, Zhanhong and Lu, Yaosheng and Bai, Jieyun},
year = {2023},
month = {01},
pages = {},
title = {Direction-Guided and Multi-Scale Feature Screening for Fetal Head-Pubic Symphysis Segmentation and Angle of Progression Calculation},
doi = {10.2139/ssrn.4530477}
}
