@article{LU2022107904,
title = {The JNU-IFM dataset for segmenting pubic symphysis-fetal head},
journal = {Data in Brief},
volume = {41},
pages = {107904},
year = {2022},
issn = {2352-3409},
doi = {https://doi.org/10.1016/j.dib.2022.107904},
url = {https://www.sciencedirect.com/science/article/pii/S2352340922001160},
author = {Yaosheng Lu and Mengqiang Zhou and Dengjiang Zhi and Minghong Zhou and Xiaosong Jiang and Ruiyu Qiu and Zhanhong Ou and Huijin Wang and Di Qiu and Mei Zhong and Xiaoxing Lu and Gaowen Chen and Jieyun Bai},
keywords = {Pubic symphysis, Fetal head, Angle of progression, Intrapartum transperineal ultrasound}
}

@ARTICLE{10.3389/fphys.2022.940150,
  
AUTHOR={Bai, Jieyun and Sun, Zhanhang and Yu, Sheng and Lu, Yaosheng and Long, Shun and Wang, Huijin and Qiu, Ruiyu and Ou, Zhanhong and Zhou, Minghong and Zhi, Dengjiang and Zhou, Mengqiang and Jiang, Xiaosong and Chen, Gaowen},   
	 
TITLE={A framework for computing angle of progression from transperineal ultrasound images for evaluating fetal head descent using a novel double branch network},      
	
JOURNAL={Frontiers in Physiology},      
	
VOLUME={13},           
	
YEAR={2022},      
	  
URL={https://www.frontiersin.org/articles/10.3389/fphys.2022.940150},       
	
DOI={10.3389/fphys.2022.940150},      
	
ISSN={1664-042X}
}



